@article{demidov2013programming,
  title={Programming CUDA and OpenCL: A case study using modern C++ libraries},
  author={Demidov, Denis and Ahnert, Karsten and Rupp, Karl and Gottschling, Peter},
  journal={SIAM Journal on Scientific Computing},
  volume={35},
  number={5},
  pages={C453--C472},
  year={2013},
  publisher={SIAM}
}
@inproceedings{langdon2014genetically,
  title={Genetically improved CUDA C++ software},
  author={Langdon, William B and Harman, Mark},
  booktitle={Genetic Programming: 17th European Conference, EuroGP 2014, Granada, Spain, April 23-25, 2014, Revised Selected Papers 17},
  pages={87--99},
  year={2014},
  organization={Springer}
}